%% Introduction

%% Background
% Diskrete Strukturen
@book{steger2007diskrete,
  title={Diskrete Strukturen: Band 1: Kombinatorik, Graphentheorie, Algebra},
  author={Steger, Angelika},
  year={2007},
  publisher={Springer-Verlag}
}

% Data structures & Algos
@article{Eisenstat1982YaleSM,
  title={Yale sparse matrix package I: The symmetric codes},
  author={S. C. Eisenstat and M. C. Gursky and M. Schultz and A. H. Sherman},
  journal={International Journal for Numerical Methods in Engineering},
  year={1982},
  volume={18},
  pages={1145-1151}
}

@book{cormen2009introduction,
  title={Introduction to algorithms},
  author={Cormen, Thomas H and Leiserson, Charles E and Rivest, Ronald L and Stein, Clifford},
  year={2009},
  publisher={MIT press}
}

@book{aho1974design,
  title={The design and analysis of computer algorithms},
  author={Aho, Alfred V and Hopcroft, John E},
  year={1974},
  publisher={Pearson Education India}
}

@inproceedings{Gross1998GraphTA,
  title={Graph Theory and Its Applications},
  author={J. Gross and Jay Yellen},
  year={1998}
}

@inproceedings{Goodrich2014AlgorithmDA,
  title={Algorithm Design and Applications},
  author={M. Goodrich and R. Tamassia},
  year={2014}
}

%%% BFS
@article{zuse1948allgemeinen,
  title={{\"U}ber den allgemeinen Plankalk{\"u}l als Mittel zur Formulierung schematisch-kombinativer Aufgaben},
  author={Zuse, Konrad},
  journal={Archiv der Mathematik},
  volume={1},
  number={6},
  pages={441--449},
  year={1948},
  publisher={Springer}
}

%%% Dijkstra
@article{dijkstra1959note,
  title={A note on two problems in connexion with graphs},
  author={Dijkstra, Edsger W and others},
  journal={Numerische mathematik},
  volume={1},
  number={1},
  pages={269--271},
  year={1959}
}

%%% A*
@article{hart1968formal,
  title={A formal basis for the heuristic determination of minimum cost paths},
  author={Hart, Peter E and Nilsson, Nils J and Raphael, Bertram},
  journal={IEEE transactions on Systems Science and Cybernetics},
  volume={4},
  number={2},
  pages={100--107},
  year={1968},
  publisher={IEEE}
}

%%% ALT
@inproceedings{goldberg2005computing,
  title={Computing the shortest path: A search meets graph theory.},
  author={Goldberg, Andrew V and Harrelson, Chris},
  organization={In SODA (Vol. 5, pp. 156-165).}
}

%%% Spreading Activation
@article{collins1975spreading,
  title={A spreading-activation theory of semantic processing.},
  author={Collins, Allan M and Loftus, Elizabeth F},
  journal={Psychological review},
  volume={82},
  number={6},
  pages={407},
  year={1975},
  publisher={American Psychological Association}
}

@inproceedings{ciglan2010sgdb,
  title={SGDB--Simple graph database optimized for activation spreading computation},
  author={Ciglan, Marek and N{\o}rv{\aa}g, Kjetil},
  booktitle={International Conference on Database Systems for Advanced Applications},
  pages={45--56},
  year={2010},
  organization={Springer}
}

@inproceedings{berthold2009pure,
  title={Pure spreading activation is pointless},
  author={Berthold, Michael R and Brandes, Ulrik and K{\"o}tter, Tobias and Mader, Martin and Nagel, Uwe and Thiel, Kilian},
  booktitle={Proceedings of the 18th ACM conference on Information and knowledge management},
  pages={1915--1918},
  year={2009}
}


%%% Random Walk
@article{pearson1905problem,
  title={The problem of the random walk},
  author={Pearson, Karl},
  journal={Nature},
  volume={72},
  number={1867},
  pages={342--342},
  year={1905},
  publisher={Nature Publishing Group}
}


%%% DB Arch
@book{ramakrishnan2000database,
  title={Database management systems},
  author={Ramakrishnan, Raghu and Gehrke, Johannes},
  year={2000},
  publisher={McGraw-Hill}
}


%%% Locality
@incollection{denning2006locality,
  title={The locality principle},
  author={Denning, Peter J},
  booktitle={Communication Networks And Computer Systems: A Tribute to Professor Erol Gelenbe},
  pages={43--67},
  year={2006},
  publisher={World Scientific}
}

@article{Belady1966ASO,
  title={A Study of Replacement Algorithms for Virtual-Storage Computer},
  author={L. Belady},
  journal={IBM Syst. J.},
  year={1966},
  volume={5},
  pages={78-101}
}

@inproceedings{yuan2012modeling,
  title={Modeling the locality in graph traversals},
  author={Yuan, Liang and Ding, Chen and Zhang, Yunquan and others},
  booktitle={2012 41st International Conference on Parallel Processing},
  pages={138--147},
  year={2012},
  organization={IEEE}
}


%%% Neo4J
@book{robinson2015graph,
  title={Graph databases: new opportunities for connected data},
  author={Robinson, Ian and Webber, Jim and Eifrem, Emil},
  year={2015},
  publisher={"O'Reilly Media, Inc."}
}

@Online {TheNeo4jOperationsManualv42OperationsManual-2020-12-04, 
    title = {The Neo4j Operations Manual v4.2 - Operations Manual},  
    date = {2020-12-04},  
    file = {:./references/docs-operations-manual-current-.html:html},  
    url = {https://neo4j.com/docs/operations-manual/current/},  
    urldate = {2020-12-09}
}

@Online {GitHubneo4jneo4jGraphsforEveryone-2020-12-09,  
    title = {GitHub - neo4j/neo4j: Graphs for Everyone}, 
    date = {2020-12-09},  
    file = {:./references/neo4j-neo4j.html:html},  
    url = {https://github.com/neo4j/neo4j},  
    urldate = {2020-12-09}
}

@Online {AnoverviewofNeo4jInternals-2020-12-09,  
    title = {An overview of Neo4j Internals},  
    date = {2020-12-09},  
    file = {:./references/thobe-an-overview-of-neo4j-internals.html:html},  
    url = {https://www.slideshare.net/thobe/an-overview-of-neo4j-internals}, 
    urldate = {2020-12-09}
}

@Online {Neo4jarchitectureKeyvalueStories-2020-02-29,  
    title = {Neo4j architecture | Key-value Stories},  
    date = {2020-02-29},  
    file = {:./references/2015-02-neo4j-architecture.html.html:html},  
    url = {http://key-value-stories.blogspot.com/2015/02/neo4j-architecture.html},  
    urldate = {2020-12-09}
}

% Property Graph Model
@inproceedings{angles2018property,
    title={The Property Graph Database Model.},
    author={Angles, Renzo},
    booktitle={AMW},
    year={2018}
}

@article{Rodriguez2010ConstructionsFD,
  title={Constructions from Dots and Lines},
  author={Michael A. Rodriguez and P. Neubauer},
  journal={ArXiv},
  year={2010},
  volume={abs/1006.2361}
}

% Index free Adjacency
@incollection{rodriguez2012graph,
  title={The graph traversal pattern},
  author={Rodriguez, Marko A and Neubauer, Peter},
  booktitle={Graph Data Management: Techniques and Applications},
  pages={29--46},
  year={2012},
  publisher={IGI Global}
}

@inproceedings{holsch2016algebra,
  title={An algebra and equivalences to transform graph patterns in neo4j},
  author={H{\"o}lsch, J{\"u}rgen and Grossniklaus, Michael},
  booktitle={EDBT/ICDT 2016 Workshops: EDBT Workshop on Querying Graph Structured Data (GraphQ)},
  year={2016}
}


%%% RailwayDB
@article{soule2016railwaydb,
  title={RailwayDB: adaptive storage of interaction graphs},
  author={Soul{\'e}, Robert and Gedik, Bu{\u{g}}ra},
  journal={The VLDB Journal},
  volume={25},
  number={2},
  pages={151--169},
  year={2016},
  publisher={Springer}
}

@article{gedik2014disk,
  title={Disk-based management of interaction graphs},
  author={Gedik, Bu{\u{g}}ra and Bordawekar, Rajesh},
  journal={IEEE Transactions on Knowledge and Data Engineering},
  volume={26},
  number={11},
  pages={2689--2702},
  year={2014},
  publisher={IEEE}
}



%% Methods
%%% G-Store
@phdthesis{steinhaus2010g,
  title={G-Store: a storage manager for graph data},
  author={Steinhaus, Robin and Olteanu, Dan and Furche, Tim},
  year={2010},
  school={University of Oxford}
}

%%% ICBL
@article{yacsar2017distributed,
  title={Distributed block formation and layout for disk-based management of large-scale graphs},
  author={Ya{\c{s}}ar, Abdurrahman and Gedik, Bu{\u{g}}ra and Ferhatosmano{\u{g}}lu, Hakan},
  journal={Distributed and Parallel Databases},
  volume={35},
  number={1},
  pages={23--53},
  year={2017},
  publisher={Springer}
}

@phdthesis{yacsar2015scalable,
  title={Scalable layout of large graphs on disk},
  author={Ya{\c{s}}ar, Abdurrahman},
  year={2015},
  school={Bilkent University}
}

%Jaccard distance
@article{DBLP:journals/corr/Kosub16,
  author    = {Sven Kosub},
  title     = {A note on the triangle inequality for the Jaccard distance},
  journal   = {CoRR},
  volume    = {abs/1612.02696},
  year      = {2016},
  url       = {http://arxiv.org/abs/1612.02696},
  archivePrefix = {arXiv},
  eprint    = {1612.02696},
  timestamp = {Mon, 13 Aug 2018 16:48:18 +0200},
  biburl    = {https://dblp.org/rec/bib/journals/corr/Kosub16},
  bibsource = {dblp computer science bibliography, https://dblp.org}
}

%%% Louvain
@article{blondel2008fast,
  title={Fast unfolding of communities in large networks},
  author={Blondel, Vincent D and Guillaume, Jean-Loup and Lambiotte, Renaud and Lefebvre, Etienne},
  journal={Journal of statistical mechanics: theory and experiment},
  volume={2008},
  number={10},
  pages={P10008},
  year={2008},
  publisher={IOP Publishing}
}

@incollection{conde2017comparison,
  title={Comparison of linear modularization criteria using the relational formalism, an approach to easily identify resolution limit},
  author={Conde-C{\'e}spedes, Patricia and Marcotorchino, Jean-Fran{\c{c}}ois and Viennet, Emmanuel},
  booktitle={Advances in Knowledge Discovery and Management},
  pages={101--120},
  year={2017},
  publisher={Springer}
}


%%% Leiden
@article{traag2019louvain,
  title={From Louvain to Leiden: guaranteeing well-connected communities},
  author={Traag, Vincent A and Waltman, Ludo and Van Eck, Nees Jan},
  journal={Scientific reports},
  volume={9},
  number={1},
  pages={1--12},
  year={2019},
  publisher={Nature Publishing Group}
}


%% Evaluation

%% Conclusion
