@phdthesis{steinhaus,
  title={G-Store: a storage manager for graph data},
  author={Steinhaus, Robin and Olteanu, Dan and Furche, Tim},
  year={2010},
  school={Citeseer}
}

@inproceedings{pacher,
  title={Data Locality in Graph Databases through N-Body Simulation.},
  author={Pacher, Dominic and Binna, Robert and Specht, G{\"u}nther},
  booktitle={Grundlagen von Datenbanken},
  pages={85--90},
  year={2011},
  organization={Citeseer}
}

@article{karypis,
  title={A fast and high quality multilevel scheme for partitioning irregular graphs},
  author={Karypis, George and Kumar, Vipin},
  journal={SIAM Journal on scientific Computing},
  volume={20},
  number={1},
  pages={359--392},
  year={1998},
  publisher={SIAM}
}

@phdthesis{yacsar,
  title={Scalable layout of large graphs on disk},
  author={Ya{\c{s}}ar, Abdurrahman},
  year={2015},
  school={bilkent university}
}

@article{yacsar1,
  title={Distributed block formation and layout for disk-based management of large-scale graphs},
  author={Ya{\c{s}}ar, Abdurrahman and Gedik, Bu{\u{g}}ra and Ferhatosmano{\u{g}}lu, Hakan},
  journal={Distributed and Parallel Databases},
  volume={35},
  number={1},
  pages={23--53},
  year={2017},
  publisher={Springer}
}

@article{gedik,
  title={Disk-based management of interaction graphs},
  author={Gedik, Bu{\u{g}}ra and Bordawekar, Rajesh},
  journal={IEEE Transactions on Knowledge and Data Engineering},
  volume={26},
  number={11},
  pages={2689--2702},
  year={2014},
  publisher={IEEE}
}


@inproceedings{holsch,
  title={An algebra and equivalences to transform graph patterns in Neo4j},
  author={H{\"o}lsch, J{\"u}rgen and Grossniklaus, Michael},
  booktitle={EDBT/ICDT 2016 Workshops: EDBT Workshop on Querying Graph Structured Data (GraphQ)},
  year={2016}
}

