@book{robinson2013graph,
  title={Graph databases},
  author={Robinson, Ian and Webber, Jim and Eifrem, Emil},
  year={2013},
  publisher={" O'Reilly Media, Inc."}
}


@Online {TheNeo4jOperationsManualv42OperationsManual-2020-12-04, 
    title = {The Neo4j Operations Manual v4.2 - Operations Manual},  
    date = {2020-12-04},  
    file = {:./references/docs-operations-manual-current-.html:html},  
    url = {https://neo4j.com/docs/operations-manual/current/},  
    urldate = {2020-12-09}
}

@Online {GitHubneo4jneo4jGraphsforEveryone-2020-12-09,  
    title = {GitHub - neo4j/neo4j: Graphs for Everyone}, 
    date = {2020-12-09},  
    file = {:./references/neo4j-neo4j.html:html},  
    url = {https://github.com/neo4j/neo4j},  
    urldate = {2020-12-09}
}

@Online {AnoverviewofNeo4jInternals-2020-12-09,  
    title = {An overview of Neo4j Internals},  
    date = {2020-12-09},  
    file = {:./references/thobe-an-overview-of-neo4j-internals.html:html},  
    url = {https://www.slideshare.net/thobe/an-overview-of-neo4j-internals}, 
    urldate = {2020-12-09}
}

@Online {Neo4jarchitectureKeyvalueStories-2020-02-29,  
    title = {Neo4j architecture | Key-value Stories},  
    date = {2020-02-29},  
    file = {:./references/2015-02-neo4j-architecture.html.html:html},  
    url = {http://key-value-stories.blogspot.com/2015/02/neo4j-architecture.html},  
    urldate = {2020-12-09}
}
