@inproceedings{Gross1998GraphTA,
  title={Graph Theory and Its Applications},
  author={J. Gross and Jay Yellen},
  year={1998}
}

@article{fouss2007random,
  title={Random-walk computation of similarities between nodes of a graph with application to collaborative recommendation},
  author={Fouss, Francois and Pirotte, Alain and Renders, Jean-Michel and Saerens, Marco},
  journal={IEEE Transactions on knowledge and data engineering},
  volume={19},
  number={3},
  pages={355--369},
  year={2007},
  publisher={IEEE}
}

@article{hart1968formal,
  title={A formal basis for the heuristic determination of minimum cost paths},
  author={Hart, Peter E and Nilsson, Nils J and Raphael, Bertram},
  journal={IEEE transactions on Systems Science and Cybernetics},
  volume={4},
  number={2},
  pages={100--107},
  year={1968},
  publisher={IEEE}
}

@inproceedings{goldberg2005computing,
  title={Computing the shortest path: A search meets graph theory.},
  author={Goldberg, Andrew V and Harrelson, Chris},
  booktitle={SODA},
  volume={5},
  pages={156--165},
  year={2005},
  organization={Citeseer}
}

@article{karypis,
    author = {Karypis, George and Kumar, Vipin},
    title = {A Fast and High Quality Multilevel Scheme for Partitioning Irregular Graphs},
    journal = {SIAM Journal on Scientific Computing},
    volume = {20},
    number = {1},
    pages = {359-392},
    year = {1998},
    doi = {10.1137/S1064827595287997},
    URL = {https://doi.org/10.1137/S1064827595287997},
    eprint = {https://doi.org/10.1137/S1064827595287997}
}

@book{dewey1894decimal,
  title={Decimal Classification and Relativ Index for Libraries: Clippings, Notes, Etc},
  author={Dewey, Melvil},
  year={1894},
  publisher={Library bureau}
}

@article{blondel2008fast,
  title={Fast unfolding of communities in large networks},
  author={Blondel, Vincent D and Guillaume, Jean-Loup and Lambiotte, Renaud and Lefebvre, Etienne},
  journal={Journal of statistical mechanics: theory and experiment},
  volume={2008},
  number={10},
  pages={P10008},
  year={2008},
  publisher={IOP Publishing}
}

@article{traag2019louvain,
  title={From Louvain to Leiden: guaranteeing well-connected communities},
  author={Traag, Vincent A and Waltman, Ludo and Van Eck, Nees Jan},
  journal={Scientific reports},
  volume={9},
  number={1},
  pages={1--12},
  year={2019},
  publisher={Nature Publishing Group}
}

@book{ramakrishnan2000database,
  title={Database Management Systems},
  author={Ramakrishnan, Raghu and Gehrke, Johannes},
  year={2000},
  publisher={McGraw-Hill}
}
  
@inproceedings{Holsch2016Algeb,
  title={An Algebra and Equivalences to Transform Graph Patterns in Neo4j},
  url={http://ceur-ws.org/Vol-1558/paper24.pdf},
  year={2016},
  number={1558},
  issn={1613-0073},
  series={CEUR Workshop Proceedings},
  booktitle={Proceedings of the Workshops of the EDBT/ICDT 2016 Joint Conference (EDBT/ICDT 2016)},
  editor={Palpanas, Themis and Stefanidis, Kostas},
  author={Hölsch, Jürgen and Grossniklaus, Michael}
}

@article{Rodriguez2010ConstructionsFD,
  title={Constructions from Dots and Lines},
  author={Michael A. Rodriguez and P. Neubauer},
  journal={ArXiv},
  year={2010},
  volume={abs/1006.2361}
}

@book{robinson2015graph,
  title={Graph databases: new opportunities for connected data},
  author={Robinson, Ian and Webber, Jim and Eifrem, Emil},
  year={2015},
  publisher={"O'Reilly Media, Inc."}
}

@incollection{denning2006locality,
  title={The locality principle},
  author={Denning, Peter J},
  booktitle={Communication Networks And Computer Systems: A Tribute to Professor Erol Gelenbe},
  pages={43--67},
  year={2006},
  publisher={World Scientific}
}

@article{gupta2013locality,
  title={Locality principle revisited: A probability-based quantitative approach},
  author={Gupta, Saurabh and Xiang, Ping and Yang, Yi and Zhou, Huiyang},
  journal={Journal of Parallel and Distributed Computing},
  volume={73},
  number={7},
  pages={1011--1027},
  year={2013},
  publisher={Elsevier}
}

@book{jacob2010memory,
  title={Memory systems: cache, DRAM, disk},
  author={Jacob, Bruce and Wang, David and Ng, Spencer},
  year={2010},
  publisher={Morgan Kaufmann}
}

@inproceedings{garey1974some,
  title={Some simplified NP-complete problems},
  author={Garey, Michael R and Johnson, David S and Stockmeyer, Larry},
  booktitle={Proceedings of the sixth annual ACM symposium on Theory of computing},
  pages={47--63},
  year={1974}
}

@phdthesis{steinhaus2010g,
  title={G-Store: a storage manager for graph data},
  author={Steinhaus, Robin and Olteanu, Dan and Furche, Tim},
  year={2010},
  school={University of Oxford}
}

@article{yacsar2017distributed,
  title={Distributed block formation and layout for disk-based management of large-scale graphs},
  author={Ya{\c{s}}ar, Abdurrahman and Gedik, Bu{\u{g}}ra and Ferhatosmano{\u{g}}lu, Hakan},
  journal={Distributed and Parallel Databases},
  volume={35},
  number={1},
  pages={23--53},
  year={2017},
  publisher={Springer}
}

@article{lloyd1982least,
  title={Least squares quantization in PCM},
  author={Lloyd, Stuart},
  journal={IEEE transactions on information theory},
  volume={28},
  number={2},
  pages={129--137},
  year={1982},
  publisher={IEEE}
}

@article{jaccard1912distribution,
  title={The distribution of the flora in the alpine zone. 1},
  author={Jaccard, Paul},
  journal={New phytologist},
  volume={11},
  number={2},
  pages={37--50},
  year={1912},
  publisher={Wiley Online Library}
}

@article{hac,
   author = "Sneath, P. H. A.",
   title = "The Application of Computers to Taxonomy", 
   journal= "Microbiology",
   year = "1957",
   volume = "17",
   number = "1",
   pages = "201-226",
   doi = "https://doi.org/10.1099/00221287-17-1-201",
   url = "https://www.microbiologyresearch.org/content/journal/micro/10.1099/00221287-17-1-201",
   publisher = "Microbiology Society",
   issn = "1350-0872",
   type = "Journal Article",
}

@inproceedings{Cuthill1969ReducingTB,
  title={Reducing the bandwidth of sparse symmetric matrices},
  author={E. Cuthill and J. McKee},
  booktitle={ACM '69},
  year={1969}
}

@misc{snap,
    author       = {Jure Leskovec and Andrej Krevl},
    title        = {{SNAP Datasets}: {Stanford} Large Network Dataset Collection},
    howpublished = {\url{http://snap.stanford.edu/data}},
    month        = jun,
    year         = 2014
}

